@book{baader_dl_17,
	place={Cambridge}, 
	title={An Introduction to Description Logic}, 
	DOI={10.1017/9781139025355}, 
	publisher={Cambridge University Press}, 
	author={Baader, Franz and Horrocks, Ian and Lutz, Carsten and Sattler, Uli}, 
	year={2017}
}
